% Encoding: UTF-8


@Book{CasellaBerger,
AUTHOR = "G Casella and R Berger",
TITLE = "Statistical Inference, Second Edition",
PUBLISHER = "Duxbury Press",
YEAR = "2002"}

@article{Zimmerman1975,
author = {Zimmerman, Donald W.},
year = {1975},
pages = {395-412},
title = {Probability spaces, Hilbert spaces, and the axioms of test theory},
volume = {40},
journal = {Psychometrika},
month = {September}
}
@TechReport{Novick1969_thefirst,
  author      = {Novick, Melvin R.},
  title       = {Bayesian methods in psychological testing},
  institution = {Educational Testing Service},
  year        = {1969},
  address     = {Princeton, New Jersey},
  month       = {April},
}

@TechReport{Novick1969_thesecond,
  author      = {Novick, Melvin R. and Thayer, Dorothy T.},
  title       = {A comparison of Bayesian estimates of true score},
  institution = {Educational Testing Service},
  year        = {1969},
  address     = {Princeton, New Jersey},
  month       = {September},
}

@article{Diaconis1979,
	Author = {Diaconis, Persi and Ylvisaker, Donald},
	Date-Added = {2019-06-28 08:45:56 -0600},
	Date-Modified = {2019-06-28 08:46:48 -0600},
	Journal = {The Annals of Statistics},
	Number = {2},
	Pages = {269 -- 281},
	Title = {Conjugate priors for exponential families},
	Volume = {7},
	Year = {1979}}

@article{Novick1966,
	Author = {Novick, Melvin R.},
	Date-Added = {2019-06-27 08:41:40 -0600},
	Date-Modified = {2019-06-27 08:43:12 -0600},
	Journal = {Journal of Mathematical Psychology},
	Number = {1},
	Pages = {1 -- 18},
	Title = {The Axioms and Principal Results of Classical Test Theory},
	Volume = {3},
	Year = {1966}}

@article{Bechger2003,
	Author = {Bechger, Timo M. and Maris, Gunter and Verstralen, Huub H. F. M. and B\'eguin, Anton A.},
	Date-Added = {2019-06-11 11:49:12 -0600},
	Date-Modified = {2019-06-11 11:51:20 -0600},
	Journal = {Applied Psychological Measurement},
	Month = {September},
	Number = {5},
	Pages = {319 -- 334},
	Title = {Using Classical Test Theory in Combination with Item Response Theory},
	Volume = {27},
	Year = {2003}}

@techreport{Lindley1969b,
	Author = {Lindley, Dennis V.},
	Date-Added = {2019-06-11 11:33:56 -0600},
	Date-Modified = {2019-06-11 11:35:00 -0600},
	Institution = {Educational Testing Service},
	Title = {A Bayesian estimate of true score that incorporates prior information},
	Year = {1969}}

@article{Lord1969,
	Author = {Lord, Frederic M.},
	Date-Added = {2019-06-11 11:10:18 -0600},
	Date-Modified = {2019-06-11 11:11:12 -0600},
	Journal = {Psychometrika},
	Month = {September},
	Number = {3},
	Pages = {259 -- 299},
	Title = {Estimating true-score distributions in psychological testing (an empirical Bayes estimation problem)},
	Volume = {34},
	Year = {1969}}

@book{Kelley1923,
	Author = {Kelley, T.L.},
	Date-Added = {2019-06-07 08:35:59 -0600},
	Date-Modified = {2019-06-07 08:37:04 -0600},
	Publisher = {New York: Macmillan},
	Title = {Statistical method},
	Year = {1923}}

@article{Tiao1965,
	Author = {Tiao, George C. and Tan, W. Y.},
	Date-Added = {2019-06-06 15:09:56 -0600},
	Date-Modified = {2019-06-06 15:10:54 -0600},
	Journal = {Biometricka},
	Month = {June},
	Number = {1/2},
	Pages = {37 -- 53},
	Title = {Bayesian analysis of random-effect models in the analysis of variance. I. Posterior distribution of varaince-components},
	Volume = {52},
	Year = {1965}}

@book{Gelman2007,
	Author = {Gelman, Andrew and Hill, Jennifer},
	Date-Added = {2019-06-05 13:56:17 -0600},
	Date-Modified = {2019-06-05 13:57:49 -0600},
	Publisher = {Cambridge University Press},
	Title = {Data analysis using regression and multilevel/hierarchical model},
	Year = {2007}}

@article{Najafabadi2016,
	Author = {Najafabadi, Amir T. Payandeh and Najafabadi, Maryam Omidi},
	Date-Added = {2019-05-24 15:34:37 -0600},
	Date-Modified = {2019-05-24 15:35:40 -0600},
	Journal = {Journal of Applied Statistics},
	Number = {13},
	Pages = {2416 -- 2441},
	Title = {On the bayesian estimation for Cronbach's alpha},
	Volume = {43},
	Year = {2016}}

@article{Traub1997,
	Abstract = {Very brief and non-technical history of the very early origins of psychometrics.},
	Author = {Traub, Ross E.},
	Date-Added = {2019-05-21 16:56:18 -0600},
	Date-Modified = {2019-06-07 08:11:14 -0600},
	Journal = {Educational Measurement: Issues and Practice},
	Pages = {8 -- 14},
	Title = {Classical test theory in historical perspective},
	Volume = {16},
	Year = {1997}}

@book{Lord1952,
	Address = {Richmond, VA},
	Author = {Lord, Frederic M.},
	Date-Added = {2019-05-21 16:53:28 -0600},
	Date-Modified = {2019-05-21 16:54:21 -0600},
	Number = {7},
	Publisher = {Psychometric Corporation},
	Series = {Psychometric Monograph},
	Title = {A theory of test scores},
	Year = {1952}}

@article{Novick1969,
	Annote = {Section 7 is on the CTT model. Derives the shrinkage estimator for the normal-normal model. Can be used to justify the normal-normal model as a special case of my NEFQVF theory.},
	Author = {Novick, Melvin R.},
	Date-Added = {2019-05-16 14:11:04 -0600},
	Date-Modified = {2019-05-24 14:06:06 -0600},
	Journal = {Journal of the Royal Statistical Socity. Series B (Methodological)},
	Number = {1},
	Pages = {29--64},
	Title = {Multiparameter Bayesian indifference procedures},
	Volume = {31},
	Year = {1969}}

@book{Lord1968,
	Address = {Oxford, England},
	Author = {Lord, Frederic M. and Novick, Melvin R. and Birnbaum, Allen},
	Date-Added = {2019-05-16 13:39:03 -0600},
	Date-Modified = {2019-05-16 13:39:57 -0600},
	Publisher = {Addison-Wesley},
	Title = {Statistical theories of mental test scores},
	Year = {1968}}

@article{Morris2009,
	Annote = {More NEFQVF theory and explicitly describes connections between common distributions in terms of NEFQVF theory, i.e. conjugate priors and conditional distributions and marginal distributions.},
	Author = {Morris, Carl N. and Lock, Kari F.},
	Date-Added = {2019-05-16 11:53:02 -0600},
	Date-Modified = {2019-05-21 16:31:46 -0600},
	Journal = {The American Statistician},
	Month = {August},
	Number = {3},
	Pages = {247 -- 253},
	Title = {Unifying the named natural exponential families and their relatives},
	Volume = {63},
	Year = {2009}}

@article{Lord1965,
	Author = {Lord, Frederic M.},
	Date-Added = {2019-05-16 11:47:42 -0600},
	Date-Modified = {2019-05-16 11:48:24 -0600},
	Journal = {Psychometrika},
	Month = {September},
	Number = {3},
	Pages = {239 -- 270},
	Title = {A strong true-score theory, with applications},
	Volume = {30},
	Year = {1965}}

@article{Keats1964,
	Author = {Keats, J. A.},
	Date-Added = {2019-05-16 11:46:51 -0600},
	Date-Modified = {2019-05-16 11:47:33 -0600},
	Journal = {Psychometrika},
	Month = {September},
	Number = {3},
	Pages = {215 -- 231},
	Title = {Some generalizations of a theoretical distribution of mental test scores},
	Volume = {29},
	Year = {1964}}

@article{Keats1962,
	Annote = {Essentially does what I did with the beta-binomial, deriving the same formula for Cronbach's alpha that I acquired. Note that the negative hypergeometric is a special case of the beta-binomial.},
	Author = {Keats, J. A. and Lord, Frederic M.},
	Date-Added = {2019-05-16 11:45:57 -0600},
	Date-Modified = {2019-05-22 15:50:06 -0600},
	Journal = {Psychometrika},
	Month = {March},
	Number = {1},
	Pages = {59 -- 72},
	Title = {A theoretical distribution for mental test scores},
	Volume = {27},
	Year = {1962}}

@article{Morris1983,
	Annote = {NEFQVF theory},
	Author = {Morris, Carl N.},
	Date-Added = {2019-05-16 11:41:21 -0600},
	Date-Modified = {2019-05-21 16:31:05 -0600},
	Journal = {The Annals of Statistics},
	Number = {2},
	Pages = {515 -- 529},
	Title = {Natural exponential families with quadratic variance functions: Statistical theory},
	Volume = {11},
	Year = {1983}}

@article{Morris1982,
	Annote = {NEFQVF part 1, general description},
	Author = {Morris, Carl N.},
	Date-Added = {2019-05-16 11:40:42 -0600},
	Date-Modified = {2019-05-21 16:30:54 -0600},
	Journal = {The Annals of Statistics},
	Number = {1},
	Pages = {65 -- 80},
	Title = {Natural exponential families with quadratic variance functions},
	Volume = {10},
	Year = {1982}}

@article{Sijtsma2009,
	Annote = {Describes Cronbach's alpha and how it's used. Gives some (commonly ignored) assumptions Cronbach's alpha makes and draws connections between alpha and some other measures of reliability. Questions alpha's usefuleness.},
	Author = {Sijtsma, Klaas},
	Date-Added = {2019-05-16 11:38:54 -0600},
	Date-Modified = {2019-05-21 16:32:44 -0600},
	Journal = {Psychometrika},
	Month = {2009},
	Number = {1},
	Pages = {107 -- 120},
	Title = {On the use, the misuse, and the very limited usefulness of Cronbach's alpha},
	Volume = {74},
	Year = {2009}}

@article{Lindley1981,
	Author = {Lindley, Dennis V. and Novick, Melvin R.},
	Date-Added = {2019-05-16 11:38:09 -0600},
	Date-Modified = {2019-05-16 11:38:46 -0600},
	Journal = {The Annals of Statistics},
	Number = {1},
	Pages = {45 -- 58},
	Title = {The role of exchangeability in inference},
	Volume = {9},
	Year = {1981}}

@article{Novick1980,
	Author = {Novick, Melvin R.},
	Date-Added = {2019-05-16 11:37:18 -0600},
	Date-Modified = {2019-05-16 11:38:01 -0600},
	Journal = {Psychometrika},
	Month = {December},
	Number = {4},
	Pages = {411 -- 424},
	Title = {Statistics as pyschometrics},
	Volume = {45},
	Year = {1980}}

@techreport{Lord1962,
	Author = {Lord, Frederic M.},
	Date-Added = {2019-05-16 11:35:53 -0600},
	Date-Modified = {2019-05-16 11:37:02 -0600},
	Institution = {Educational Testing Service},
	Month = {August},
	Title = {Estimating true measurements from fallible measurements (binomial case) -- expansion in a series of beta distributions},
	Year = {1962}}

@article{Lord1959,
	Author = {Lord, Frederic M.},
	Date-Added = {2019-05-16 11:32:44 -0600},
	Date-Modified = {2019-05-16 11:34:02 -0600},
	Journal = {Journal of the American Statistical Association},
	Number = {286},
	Pages = {472 -- 479},
	Title = {Problems in mental test theory arising from errors of measurement},
	Volume = {54},
	Year = {1959}}

@article{Kuder1937,
	Annote = {Original paper with KR-20 and KR-21.},
	Author = {Kuder, G. F. and Richardson, M. W.},
	Date-Added = {2019-05-16 11:30:36 -0600},
	Date-Modified = {2019-05-22 16:41:12 -0600},
	Journal = {Psychometrika},
	Number = {3},
	Pages = {151 -- 160},
	Title = {The theory of the estimation of test reliability},
	Volume = {2},
	Year = {1937}}

@techreport{Lindley1969,
	Abstract = {Argues for the use of Bayesian statistics in educational testing. Gives an example using simple linear regression.},
	Address = {Princeton, New Jersey},
	Author = {Lindley, Dennis V.},
	Date-Added = {2019-05-16 11:27:56 -0600},
	Date-Modified = {2019-05-23 14:52:39 -0600},
	Institution = {Educational Testing Service},
	Month = {July},
	Title = {A Bayesian solution for some educational prediction problems},
	Year = {1969}}

@techreport{Jackson1970,
	Address = {Princeton, New Jersey},
	Author = {Jackson, Paul H. and Novick, Melvin R. and Thayer, Dorothy T.},
	Date-Added = {2019-05-16 11:26:32 -0600},
	Date-Modified = {2019-05-16 11:27:31 -0600},
	Institution = {Educational Testing Service},
	Month = {June},
	Title = {Bayesian inference and the classical test theory model II: Validity and prediction},
	Year = {1970}}

@article{Feldt1987,
	Annote = {Updates previous paper and gives hypothesis test formula for Cronbach's alpha. Very theoretical.},
	Author = {Feldt, Leonard S. and Woodruff, David J. and Salih, Fathi A.},
	Date-Added = {2019-05-16 11:25:17 -0600},
	Date-Modified = {2019-05-21 16:30:26 -0600},
	Journal = {Applied Psychological Measurement},
	Month = {March},
	Number = {1},
	Pages = {93 -- 103},
	Title = {Statistical inference for coefficient alpha},
	Volume = {11},
	Year = {1987}}

@article{Feldt1965,
	Annote = {Gives the approximate sampling distribution of KR20 (Cronbach's alpha) and a formula for interval estimation. This formula is implemented as the default in SPSS.},
	Author = {Feldt, Leonard S.},
	Date-Added = {2019-05-16 11:24:17 -0600},
	Date-Modified = {2019-05-21 16:24:05 -0600},
	Journal = {Psychometrika},
	Month = {September},
	Number = {3},
	Pages = {357 -- 370},
	Title = {The approximate sampling distribution of Kuder-Richardson reliability coefficient twenty},
	Volume = {30},
	Year = {1965}}

@article{Padilla2011,
	Author = {Padilla, Miguel A. and Zhang, Guili},
	Date-Added = {2019-05-16 11:06:07 -0600},
	Date-Modified = {2019-05-16 11:07:00 -0600},
	Journal = {Journal of Modern Applied Statistical Methods},
	Number = {1},
	Pages = {277 -- 286},
	Title = {Estimating internal consistency using Bayesian methods},
	Volume = {10},
	Year = {2011}}

@article{Cronbach1951,
	Annote = {Original paper in which Cronbach first gave the formula for coefficient alpha.},
	Author = {Cronbach, Lee J.},
	Date-Added = {2019-05-16 10:59:33 -0600},
	Date-Modified = {2019-05-21 16:24:40 -0600},
	Journal = {Psychometrika},
	Month = {September},
	Number = {3},
	Pages = {297 -- 334},
	Title = {Coefficient alpha and the internal structure of tests},
	Volume = {16},
	Year = {1951}}

@article{Novick1971,
	Author = {Novick, Melvin R. and Jackson, Paul H. and Thayer, Dorothy T.},
	Date-Added = {2019-05-16 10:56:48 -0600},
	Date-Modified = {2019-05-22 08:21:11 -0600},
	Journal = {Psychometrika},
	Month = {September},
	Number = {3},
	Pages = {261 -- 288},
	Title = {Bayesian inference and the classical test theory model: Reliability and true scores},
	Volume = {36},
	Year = {1971}}

@article{Bonett2015,
	Annote = {General summary of inference on Cronbach's alpha, including usage, formulas for interval estimation, and hypothesis testing. Gives own formula for interval estimation and performs simulation study. Performs sample size calculations for required precision and/or power of Cronbach's alpha.},
	Author = {Bonett, Douglas G. and Wright, Thomas A.},
	Date-Added = {2019-05-16 10:49:37 -0600},
	Date-Modified = {2019-05-21 16:19:11 -0600},
	Journal = {Journal of Organizational Behavior},
	Pages = {3 -- 15},
	Title = {Cronbach's alpha reliability: Interval estimation, hypothesis testing, and sample size planning},
	Year = {2015}}

@techreport{Li2002,
	Author = {Li, Jun Corser and Woodruff, David J.},
	Date-Added = {2019-05-16 10:48:30 -0600},
	Date-Modified = {2019-05-16 11:07:32 -0600},
	Institution = {ACT Research Report Series},
	Title = {Bayesian statistical inference for coefficient alpha},
	Year = {2002}}

@book{Levy2016,
	Annote = {Book on Bayesian psychometric modeling.},
	Author = {Levy, Roy and Mislevy, Robert J.},
	Date-Added = {2019-05-15 09:42:57 -0600},
	Date-Modified = {2019-05-22 16:41:47 -0600},
	Publisher = {Chapman \& Hall/CRC},
	Title = {Bayesian psychometric modeling},
	Year = {2016}}
	
@Manual{Willse2018,
    title = {CTT: Classical Test Theory Functions},
    author = {John T. Willse},
    year = {2018},
    note = {R package version 2.3.3},
    url = {https://CRAN.R-project.org/package=CTT},
  }


@Article{Foster2020,
  author  = {Robert C. Foster},
  journal = {The Journal of Mathematical Psychology},
  title   = {A Generalized Framework for Classical Test Theory},
  year    = {2020},
  month   = jun,
  volume  = {96},
}


@Article{Allison1978,
  author  = {Allison, Paul D.},
  journal = {Sociological Methodology},
  title   = {The reliability of variables measured as the number of events in an interval of time},
  year    = {1978},
  pages   = {238 --253},
  volume  = {9},
}

@Article{Sheng2012,
  author  = {Sheng, Yanyan and Sheng, Zhaohui},
  journal = {Frontiers in Psychology},
  title   = {Is coefficient alpha robust to non-normal data?},
  year    = {2012},
  month   = feb,
}

@Article{Headrick2002,
  author  = {Headrick, Todd C.},
  journal = {Computational Statistics and Data Analysis},
  title   = {Fast fifth-order polynomial transforms for generating univariate and multivariate nonnormal distributions},
  year    = {2002},
  pages   = {685 -- 711},
  volume  = {40},
}

@Article{Webster1960,
 author = {Webster, Harold},
 journal = {Educational and Psychological Measurement},
 title = {A generalization of Kuder-Richardson reliability formula 21},
 year = {1960},
 volume = {20},
 number = {1},
 pages = {131 -- 138},
}
 
@Article{Feldt1984,
 author = {Feldt, Leonard J.},
 journal = {Educational and Psychological Measurement},
 year = {1984},
 title = {Some relationships between the binomial error model and classical test theory},
 volume = {44},
 number = {4},
 pages = {883 -- 891},
}

@Article{Zimmerman1972,
 author = {Zimmerman, Donald W.},
 year = {1972},
 title = {Test reliability and the Kuder-Richardson formulas: Derivation from probability theory},
 journal = {Educational and Psychological Measurement},
 volume = {32},
 number = {4},
 pages = {939 -- 954},
}
 
@Article{Horst1949,
 author = {Horst, Paul},
 year = {1949},
 title = {A generalized expression for the reliability of measures},
 journal = {Psychometrika},
 volume = {14},
 pages = {21 -- 31},
}


@article{Hoekstra2019,
author = {R. Hoekstra and J. Vugteveen and M. J. Warrens and P. M. Kruyen},
title = {An empirical analysis of alleged misunderstandings of coefficient alpha},
journal = {International Journal of Social Research Methodology},
volume = {22},
number = {4},
pages = {351-364},
year  = {2019},
}

@article{Huynh1979,
author = {Huynh Huynh},
title ={Statistical Inference for two Reliability Indices in Mastery Testing Based on the Beta-Binomial Model},
journal = {Journal of Educational Statistics},
volume = {4},
number = {3},
pages = {231-246},
year = {1979},
}

@article{McNeish2017,
title = {Thanks coefficient alpha, we'll take it from here},
author = {Daniel McNeish},
journal = {Psychological Methods},
volume = {23},
number = {3},
year = {2018},
pages = {412-433},
}

@article{Raykov2019,
author = {Tenko Raykov and George A. Marcoulides},
title ={Thanks Coefficient Alpha, We Still Need You!},
journal = {Educational and Psychological Measurement},
volume = {79},
number = {1},
pages = {200-210},
year = {2019},
}

@article{Geldhof2014,
author = {G John Geldhof and Kristopher J Preacher and Michael J Zyphur},
title = {Reliability Estimation in a Multilevel Confirmatory Factor Analysis Framework},
year = {2014},
journal = {Psychological Methods},
volume = {19},
number = {1},
pages = {72-91},
}

@article{Astivia2020,
author = {Oscar Lorenzo Olvera Astivia and Edward Kroc and Bruno D. Zumbo},
title ={The Role of Item Distributions on Reliability Estimation: The Case of Cronbach’s Coefficient Alpha},
journal = {Educational and Psychological Measurement},
volume = {80},
number = {5},
pages = {825-846},
year = {2020},
}

@article{Hayes2020,
author = {Andrew F. Hayes and Jacob J. Coutts},
title = {Use Omega Rather than Cronbach’s Alpha for Estimating Reliability. But…},
journal = {Communication Methods and Measures},
volume = {14},
number = {1},
pages = {1-24},
year  = {2020},
}


@Manual{PsychPackage,
    title = {psych: Procedures for Psychological, Psychometric, and Personality Research},
    author = {William Revelle},
    organization = { Northwestern University},
    address = { Evanston, Illinois},
    year = {2020},
    note = {R package version 2.0.12},
    url = {https://CRAN.R-project.org/package=psych},
}

@article{Savalei2019,
 title = {Don’t Forget the Model in Your Model-based Reliability Coefficients: A Reply to McNeish (2018)},
 author = {Victoria Savalei and Steven P. Reise},
 journal = {Collabra:Psychology},
 Volume = {5},
 Number = {1},
 year = {2019},
}

@article{Revelle2009,
author = {Revelle, William and Zinbarg, Richard},
year = {2009},
month = {03},
pages = {145-154},
title = {Coefficients Alpha, Beta, Omega, and the GLB: Comments on Sijtsma},
volume = {74},
journal = {Psychometrika},
}

@book{Mcdonald1999,
  title={Test Theory: A Unified Treatment},
  author={McDonald, R.P.},
  year={1999},
  publisher={Taylor \& Francis}
}

@misc{Zumbo1999,
  title={A Glance at Coefficient Alpha with an Eye Towards Robustness Studies : Some Mathematical Notes and a Simulation Model},
  author={B. Zumbo},
  howpublished = {(Paper No. ESQBS-99-1). Prince George, B.C.: University of Northern British Columbia. Edgeworth Laboratory for Quantitative Behavioural Science},
  year={1999}
}

@article{Schmitt1996,
  title={Uses and abuses of coefficient alpha},
  author={N. Schmitt},
  journal={Psychological Assessment},
  year={1996},
  volume={8},
  pages={350-353}
}

@article{Raykov1998,
author = {Tenko Raykov},
title ={A Method for Obtaining Standard Errors and Confidence Intervals of Composite Reliability for Congeneric Items},
journal = {Applied Psychological Measurement},
volume = {22},
number = {4},
pages = {369-374},
year = {1998}
}

@article{Bay1973,
author = {Bay, Kyung S.},
title = {The effect of non-normality on the sampling distribution of standard error of reliability coefficient estimates under an analysis of variance model},
journal = {British Journal of Mathematical and Statistical Psychology},
volume = {26},
number = {1},
pages = {45-57},
year = {1973}
}

@article{Zyl2000,
author = {Zyl, J. and Neudecker, H. and Nel, Daniel},
year = {2000},
month = {09},
pages = {271-280},
title = {On the distribution of the maximum likelihood estimator of Cronbach's Alpha},
volume = {65},
journal = {Psychometrika},
}

@article{Zimmerman1993,
author = {Donald W. Zimmerman and Bruno D. Zumbo and Coralie Lalonde},
title ={Coefficient Alpha as an Estimate of Test Reliability Under Violation of Two Assumptions},
journal = {Educational and Psychological Measurement},
volume = {53},
number = {1},
pages = {33-49},
year = {1993},
}

@article{Zinbarg2006,
author = {Zinbarg, Richard and Yovel, Iftah and Revelle, William and McDonald, Roderick},
year = {2006},
month = {03},
pages = {121-144},
title = {Estimating Generalizability to a Latent Variable Common to All of a Scale's Indicators: A Comparison of Estimators for $\omega_H$},
volume = {30},
journal = {Applied Psychological Measurement},
}


@article{Trizano2016,
author = {Trizano-Hermosilla, Italo and Alvarado, Jesus},
year = {2016},
month = {05},
pages = {},
title = {Best Alternatives to Cronbach's Alpha Reliability in Realistic Conditions: Congeneric and Asymmetrical Measurements},
volume = {7},
journal = {Frontiers in Psychology}
}

@article{Meredith1971,
author = {William Meredith},
year = {1971},
month = {08},
pages = {49 - 82},
title = {Poisson distributions of error in mental test theory},
volume = {24},
journal = {British Journal of Mathematical and Statistical Psychology},
}

@book{rasch1960,
  title={Probabilistic Models for Some Intelligence and Attainment Tests},
  author={Rasch, G.},
  series={Studies in mathematical psychology},
  year={1960},
  publisher={Danmarks Paedagogiske Institut}
}

@TechReport{Moore1970,
  author      = {Moore, William E.},
  title       = {Stochastic processes as true-score models for highly speeded mental tests},
  institution = {Educational Testing Service},
  year        = {1970},
  address     = {Princeton, New Jersey},
  month       = {November},
}


@Comment{jabref-meta: databaseType:bibtex;}
